%%%%%%%%%%%%%%%%%%%%%%%%%%%%%%%%%%%%%%%%%%%%%%%%%%%%%%%%%%%%%%%%%%%%%%%%%%%%%%%
% LITERATURA
%%%%%%%%%%%%%%%%%%%%%%%%%%%%%%%%%%%%%%%%%%%%%%%%%%%%%%%%%%%%%%%%%%%%%%%%%%%%%%%
% 1. Webové stránky projektu LangSec \cite{LangSecWeb}
@MISC{LangSecWeb,
      title =        "{\it LANGSEC: Language-theoretic Security}",
      url =          "langsec.org/",
      note =         "[Online; navštíveno 25.08.2017]"
}

% 2. Security Applications of Formal Language Theory, Len Sassaman \cite[str. X]{Sass2013}
@Article{Sass2013,
      author =       "Len Sassaman and Meredith L. Patterson and Sergey Bratus and Michael E. Locasto",
      title =        "{\it Security Applications of Formal Language Theory}",
      journal =      "IEEE Systems Journal",
      year =         "2013",
      volume =       "7",
      number =       "3",
      pages =        "489-500",
      isbn =         "1932-8184",
      doi =          "10.1109/JSYST.2012.2222000",
}

% 3. Security Applications of Formal Language Theory, Len Sassaman \cite[str. X]{Sass2011}
@TechReport{Sass2011,
      author =        "Len Sassaman and Meredith L. Patterson and Sergey Bratus and Michael E. Locasto and Anna Shubina",
      title =         "{\it Security Applications of Formal Language Theory}",
      institution =   "Dartmouth College, Computer Science",
      address =       "Hanover, NH",
      number =        "TR2011-709",
      year =          "2011",
      month =         "November",
      url =           "www.cs.dartmouth.edu/reports/TR2011-709.pdf",
}

% 4. Vulnerable Compliance \cite[str. X]{Geer2010}
% Nemuzu najit doi ani isbn =(
@Article{Geer2010,
      author =       "Dan Geer",
      title =        "{\it Vulnerable Compliance}",
      journal =      ";login: The USENIX Magazine",
      year =         "2010",
      volume =       "35",
      number =       "6",
      pages =        "26-30",
      url =          "www.usenix.org/system/files/login/articles/geer.pdf",
}

% 5. Výkladový slovník kybernetické bezpečnosti \cite[str. X]{slovnikCR}
@BOOK{Slovnik2015,
      author =       "Petr Jirásek and Luděk Novák and Josef Požár",
      title =        "{\it Výkladový slovník kybernetické bezpečnosti}",
      publisher =    "Policejní akademie ČR v Praze",
      address =      "Praha",
      year =         "2015",
      edition =      "Třetí aktualizované",
      isbn =         "978-80-7251-436-6",
}

% 6. Internet X.509 Public Key Infrastructure Certificate and Certificate Revocation list (CRL) Profile \cite[str. X]{RFC:X509}
@MISC{RFC:X509,
      author =       "D. Cooper and S. Santesson and S. Farrell and S. Boeyen and R. Housley and W. Polk",
      title =        "{\it Internet X.509 Public Key Infrastructure Certificate and Certificate Revocation list (CRL) Profile. RFC 5280}",
      year =         "2008",
      month =        May,
      url =          "www.ietf.org/rfc/rfc5280.txt",
      note =         "[Online; navštíveno 30.09.2017]"
}

% 7. Proving the correctness of multiprocess programs \cite[str. X]{Lamport1977}
@Article{Lamport1977,
      author =       "Leslie B. Lamport",
      title =        "{\it Proving the correctness of multiprocess programs}",
      journal =      "IEEE Transactions on Software Engineering",
      year =         "1977",
      volume =       "3",
      number =       "2",
      pages =        "125-143",
      doi =          "10.1109/TSE.1977.229904",
}

% 8. Introduction to computer security \cite[str. X]{Goodrich2011}
@BOOK{Goodrich2011,
      author =       "Michael T. Goodrich and Roberto Tamassia",
      title =        "{\it Introduction to computer security}",
      publisher =    "Pearson",
      address =      "Boston",
      year =         "2011",
      edition =      "Mezinárodní",
      isbn =         "978-0-321-70201-2",
}

% 9. The Rule of Least Power \cite{w3cpower}
@MISC{w3cpower,
      author =       "W3C",
      title =        "{\it The Rule of Least Power}",
      year =         "2006",
      month =        Feb,
      url =          "www.w3.org/2001/tag/doc/leastPower.html",
      note =         "[Online; navštíveno 01.10.2017]"
}

% 10.PKI Layer Cake: New Collision Attacks Against the Global X.509 Infrastructure \cite[str. X]{Kaminsky2010}
@Article{Kaminsky2010,
      author =       "Dan Kaminsky and Meredith L. Patterson and Len Sassaman",
      title =        "{\it PKI Layer Cake: New Collision Attacks against the Global X.509 Infrastructure}",
      journal =      "Financial Cryptography and Data Security",
      year =         "2010",
      url =          "www.esat.kuleuven.be/cosic/publications/article-1432.pdf",
      pages =        "289–303",
      isbn =         "978-3-642-14577-3",
      doi =          "10.1007/978-3-642-14577-3_22",
}

% 11. Introduction to languages and the theory of computation \cite[str. X]{Martin2011}
@BOOK{Martin2011,
      author =       "John C. Martin",
      title =        "{\it Introduction to languages and the theory of computation}",
      publisher =    "McGraw-Hill",
      address =      "New York",
      year =         "2011",
      edition =      "4th edition",
      isbn =         "978-0-07-319146-1",
}

% 12. Formal Languages and Computation \cite[str. X]{Meduna2014}
@BOOK{Meduna2014,
      author =       "Alexander Meduna",
      title =        "{\it Formal languages and computation: models and their applications}",
      publisher =    "CRC Press, Taylor ",
      address =      "Boca Raton",
      year =         "2014",
      isbn =         "978-1-4665-1345-7",
}

% 13. Teoretická informatika: Studijní opora \cite[str. X]{TIN2013}
@MISC{TIN2013,
      author =       "Milan Češka and Tomáš Vojnar and Aleš Smrčka",
      title =        "{\it Teoretická informatika. TIN. Studijní opora}",
      year =         "2013",
      note =         "[reg.č. CZ.04.1.03/3.2.15.1/0003]"
}

% 14. Webové stránky Common Vulnerabilities and Exposures \cite[str. X]{CVEWeb}
@MISC{CVEWeb,
      title =        "{\it Common Vulnerabilities and Exposures: The Standard for Information Security Vulnerability Names}",
      url =          "cve.mitre.org/index.html",
      note =         "[Online; navštíveno 18.10.2017]"
}

% 15. Parsovací knihovna Hammer \cite{HammerGit}
@MISC{HammerGit,
      title =        "{\it Hammer: Parser combinators for binary formats, in C. Yes, in C. What? Don't look at me like that}",
      url =          "github.com/UpstandingHackers/hammer",
      note =         "[Online; navštíveno 04.01.2018]"
}

% 16. LangSec: Recognition, Validation, and Compositional Correctness for Real World Security \cite{LangSecBof}
@MISC{LangSecBof,
      title =        "{\it LangSec: Recognition, Validation, and Compositional Correctness for Real World Security}",
      url =          "langsec.org/bof-handout.pdf",
      note =         "[Online; navštíveno 04.01.2018]"
}

% 17. Opening Keynote: Perry Metzger, "Slow But Steady: Achieving Real Security Within Two Decades" \cite{spw17key}
% 19:00 - "...Look up LangSec, read the papers it's one of the most exciting things to have come up in the computer security field in a while"
@MISC{spw17key,
      title =        "{\it Perry Metzger, Slow But Steady: Achieving Real Security Within Two Decades}",
      url =          "spw17.langsec.org/papers.html#key",
      note =         "[Online; navštíveno 04.01.2018]"
}

% X.Verifying security patches, Jonathan Gllacher \cite[str. X]{Gallagher2014}
@Article{Gallagher2014,
      author =       "Jonathan Gallagher and Robin Gonzalez and Michael E. Locasto",
      title =        "{\it Verifying security patches}",
      journal =      "Proceedings of the 2014 International Workshop on Privacy",
      year =         "2014",
      url =          "www.wired.com/story/hack-brief-us-nuclear-power-breach/",
      pages =        "11-18",
      isbn =         "978-1-4503-2296-6",
      doi =          "10.1145/2687148.2687151",
}

% w3schools: SQL Injcetion \cite{w3schoolsSQL}
@MISC{w3schoolsSQL,
      author =       "w3schools",
      title =        "SQL Injection",
      url =          "www.w3schools.com/sql/sql_injection.asp",
      note =         "[Online; navštíveno 18.03.2018]"
}

% flex & bison \cite[str. X]{levine2009}
@BOOK{levine2009,
      author =       "John Levine",
      title =        "{\it flex \& bison}",
      publisher =    "O'Reilly Media",
      address =      "Sebastopol, CA",
      year =         "2009",
      isbn =         "978-0-596-15597-1",
}

% Databázové systémy -- 5 Jazyky relačních databázových systémů \cite[str. X]{ZendulkaIDS}
@MISC{ZendulkaIDS,
      author =       "Jaroslav Zendulka",
      title =        "{\it  Databázové systémy -- 5 Jazyky relačních databázových systémů}",
      url =          "www.fit.vutbr.cz/study/courses/IDS/private/prednasky/5_jazyky.pdf"
}

% Dokumentace MariaDB SQL \cite{MariaDB}
@MISC{MariaDB,
      author =       "MariaDB Foundation",
      title =        "{\it MariaDB Documentation}",
      year =         "2018",
      url =          "mariadb.com/kb/en/library/documentation/",
      note =         "[Online; navštíveno 23.03.2018]"
}

% Dokumentace MySQL \cite{MySQL}
@MISC{MySQL,
      author =       "Oracle Corporation",
      title =        "{\it MySQL 8.0 Reference Manual}",
      year =         "2018",
      url =          "dev.mysql.com/doc/refman/8.0/en/",
      note =         "[Online; navštíveno 23.03.2018]"
}

% MySQL grammar in ANTLR 4 \cite{Khudyashov2018}
@MISC{Khudyashov2018,
      author =       "Ivana Khudyashov",
      title =        "{\it MySQL grammar in ANTLR 4}",
      year =         "2018",
      url =          "blog.ptsecurity.com/2018/01/mysql-grammar-in-antlr-4.html",
      note =         "[Online; navštíveno 25.03.2018]"
}

% SQL Injection Prevention Cheat Sheet \cite{OWASP2018}
@MISC{OWASP2018,
      author =       "OWASP",
      title =        "{\it SQL Injection Prevention Cheat Sheet}",
      year =         "2018",
      url =          "www.owasp.org/index.php/SQL_Injection_Prevention_Cheat_Sheet",
      note =         "[Online; navštíveno 15.05.2018]"
}


%%%%%%%%%%%%%%%%%%%%%%%%%%%%%%%%%%%%%%%%%%%%%%%%%%%%%%%%%%%%%%%%%%%%%%%%%%%%%%%
% EXTRA
%%%%%%%%%%%%%%%%%%%%%%%%%%%%%%%%%%%%%%%%%%%%%%%%%%%%%%%%%%%%%%%%%%%%%%%%%%%%%%%
% +4. XAMPP - Apache distribution containing MariaDB, PHP, and Perl \cite{XAMPP}
@MISC{XAMPP,
      author =       "Apache Friends",
      title =        "{\it XAMPP Apache + MariaDB + PHP + Perl}",
      year =         "2018",
      url =          "www.apachefriends.org/index.html",
      note =         "[Online; navštíveno 23.03.2018]"
}

% +5. Apache - HTTP server project \cite{Apache}
@MISC{Apache,
      author =       "Apache Software Foundation",
      title =        "{\it The Number One HTTP Server On The Internet}",
      year =         "2018",
      url =          "httpd.apache.org/",
      note =         "[Online; navštíveno 23.03.2018]"
}

% +7. PHP - MySQL database server \cite{Passwords}
@MISC{Passwords,
      author =       "Uživatelé stránek Information Security Stack Exchange",
      title =        "{\it How to securely hash passwords?}",
      year =         "2018",
      url =          "security.stackexchange.com/questions/211/how-to-securely-hash-passwords",
      note =         "[Online; navštíveno 23.03.2018]"
}